<?xml version="1.0" encoding="UTF-8"?><record xmlns="http://www.loc.gov/MARC21/slim" xmlns:cinclude="http://apache.org/cocoon/include/1.0" xmlns:zs="http://www.loc.gov/zing/srw/">
  <leader>00344cz  a2200121n  4500</leader>
  <controlfield tag="001">n  88134888 </controlfield>
  <controlfield tag="003">DLC</controlfield>
  <controlfield tag="005">20141210071746.0</controlfield>
  <controlfield tag="008">890918n| azannaab           |n aaa      </controlfield>
  <datafield tag="010" ind1=" " ind2=" ">
    <subfield code="a">n  88134888 </subfield>
  </datafield>
  <datafield tag="040" ind1=" " ind2=" ">
    <subfield code="a">DLC</subfield>
    <subfield code="b">eng</subfield>
    <subfield code="e">rda</subfield>
    <subfield code="c">DLC</subfield>
    <subfield code="d">DLC</subfield>
  </datafield>
  <datafield tag="100" ind1="1" ind2=" ">
    <subfield code="a">Berardinone, Ermanno</subfield>
  </datafield>
  <datafield tag="670" ind1=" " ind2=" ">
    <subfield code="a">Italy. Codice del rapporto di lavoro, c1989:</subfield>
    <subfield code="b">t.p. (Ermanno Berardinone)</subfield>
  </datafield>
</record>